<record><leader>00000cas a2200000 a 4500</leader><controlfield tag="001">13119918</controlfield><controlfield tag="008">860207d18851907couwr ne      0    0eng d</controlfield><datafield ind1=" " ind2=" " tag="010"><subfield code="a">sn 86066852 </subfield></datafield><datafield ind1=" " ind2=" " tag="040"><subfield code="a">KSH</subfield><subfield code="b">eng</subfield><subfield code="c">KSH</subfield><subfield code="d">NPT</subfield><subfield code="d">CNQ</subfield><subfield code="d">OCL</subfield><subfield code="d">OCLCQ</subfield></datafield><datafield ind1=" " ind2=" " tag="042"><subfield code="a">msc</subfield></datafield><datafield ind1="0" ind2=" " tag="130"><subfield code="a">Silver standard (Silver Plume, Colo.)</subfield></datafield><datafield ind1="1" ind2="4" tag="245"><subfield code="a">The silver standard.</subfield></datafield><datafield ind1=" " ind2=" " tag="260"><subfield code="a">Silver Plume, Colo. :</subfield><subfield code="b">Blanton &amp; Browne</subfield></datafield><datafield ind1=" " ind2=" " tag="300"><subfield code="a">v.</subfield></datafield><datafield ind1=" " ind2=" " tag="310"><subfield code="a">Weekly</subfield></datafield><datafield ind1="0" ind2=" " tag="362"><subfield code="a">Vol. 1, no. 1 (Sept. 19, 1885)-v.6, no. 27 (Sept. 8, 1888) ; v. 3, no. 28 (Sept. 15, 1888)-v. 22, no. 4 (Dec. 28, 1907).</subfield></datafield><datafield ind1=" " ind2=" " tag="530"><subfield code="a">Available on microfilm from the Colorado Historical Society.</subfield></datafield><datafield ind1=" " ind2=" " tag="752"><subfield code="a">United States</subfield><subfield code="b">Colorado</subfield><subfield code="c">Clear Creek</subfield><subfield code="d">Silver Plume.</subfield></datafield><datafield ind1="0" ind2="0" tag="780"><subfield code="t">Colorado jack rabbit</subfield><subfield code="w">(DLC)sn 86066853</subfield></datafield><datafield ind1="1" ind2=" " tag="029"><subfield code="a">AU@</subfield><subfield code="b">000022170522</subfield></datafield></record>